@article{paper,
  author    = {Roberto Baldoni and Emilio Coppa and Daniele Cono D'Elia and Camil Demetrescu and Irene Finocchi},
  title     = {A Survey of Symbolic Execution Techniques},
  journal   = {CoRR},
  volume    = {abs/1610.00502},
  year      = {2016},
  url       = {http://arxiv.org/abs/1610.00502},
  biburl    = {https://dblp.org/rec/bib/journals/corr/BaldoniCDDF16},
  bibsource = {dblp computer science bibliography, https://dblp.org}
}